=LDR  01475cam a22004451i 4500
=001  020160508
=003  Uk
=005  20230821170328.0
=006  m\\\\||\\d\|\\\\\\
=007  cr\|||||||||||
=008  210416s2021\\\\xxk|||||o\\\\||||\||eng\\
=FMT  \\$a  BK
=015  \\$aGBC3F7697$2bnb
=020  \\$a9781839609602
=040  \\$aUk$beng$cUk
=042  \\$aukblsr
=082  04$a363.5$223
=100  1\$aCarter, Kate$c(Senior lecturer in Architecture),$eauthor.
=245  10$aPresent voices, future lives final report /$creport prepared by: Kate Carter and Iain Scott.
=264  \1$aEdinburgh :$bScottish Government,$c2021.
=300  \\$a1 online resource.
=336  \\$atext$2rdacontent
=337  \\$acomputer$2rdamedia
=338  \\$aonline resource$2rdacarrier
=650  \7$aHousing policy.$2fast$0(OCoLC)fst00962432
=651  \7$aScotland.$2fast$0(OCoLC)fst01206715
=655  \0$aGovernment publications.
=700  1\$aScott, Iain$c(Lecturer in Architectural Design),$eauthor.
=710  1\$aScotland.$bScottish Government,$eissuing body.
=710  2\$aAPS Group Scotland.
=859  \\$aELD$bebook
=BUF  1\$aN$d20230821
=CAT  \\$aBATCH-EBKN$b00$c20210416$lBLL01$h0201
=CAT  \\$aEBKS-FXD$c20210416$lBLL01$h0210
=CAT  \\$aBATCH$b00$c20210416$lBLL01$h0211
=CAT  \\$aBATCH-UPEB$b00$c20230821$lBLL01$h1703
=FIN  \\$aY$d20230821
=DRT  \\$aLD-ebooks
=SRC  \\$aSubmission Portal
=LAS  \\$aBATCH-UPEB$b00$c20230821$lBLL01$h1703

