=LDR  01030cam a22003135i 4500
=001  018424544
=003  Uk
=005  20190208203339.0
=006  m\\\\||\\d\|\\\\\\
=007  cr\|||||||||||
=008  170713s2016\\\\xxk|||||o\\\\||||\||eng\\
=FMT  \\$a  BK
=040  \\$aUk$beng$cUk
=245  00$aDraft determination of South West Water's in-period outcome delivery incentives for 2015-16.
=264  \1$aBirmingham :$bOfwat,$c2016.
=300  \\$a1 online resource.
=336  \\$atext$2rdacontent
=337  \\$acomputer$2rdamedia
=338  \\$aonline resource$2rdacarrier
=500  \\$aInvalid 14 digit ISBN 97819107396826Trust in Water
=720  0\$aGreat Britain. Water Services Regulation Authority
=859  \\$aELD$bebook
=CAT  \\$aBATCH-EBKN$b00$c20170713$lBLL01$h0207
=CAT  \\$aEBKS-FXD$c20170713$lBLL01$h0218
=CAT  \\$aBATCH$b00$c20170713$lBLL01$h0223
=CAT  \\$aW1810-2163$c20190208$lBLL01$h2033
=DRT  \\$aLD-ebooks
=SRC  \\$aSubmission Portal
=LAS  \\$aW1810-2163$b00$c20190208$lBLL01$h2033

