=LDR  01857 am a22004815i 4500
=001  018653856
=003  Uk
=005  20190130151923.0
=006  m\\\\||\\d\|\\\\\\
=007  cr\|||||||||||
=008  171115s2016\\\\nik|||||o||||f||||||eng|d
=FMT  \\$a  BK
=037  \\$aNIOPA_5747$bQueen's University Belfast$nNorthern Ireland Official Publications Repository
=040  \\$aNiBfQU$beng$cNiBfQU$dUk
=110  2\$aCapaxo Ltd.,$eauthor.
=245  10$aCo-Investment Fund :$bInterim Evaluation - Final Report, December 2016.
=264  \1$aNorthern Ireland :$bInvest Northern Ireland,$c2016.
=300  \\$a1 online resource.
=336  \\$atext$2rdacontent
=337  \\$acomputer$2rdamedia
=338  \\$aonline resource$2rdacarrier
=650  \7$aBusiness enterprises.$2fast$0(OCoLC)fst00842519.
=651  \7$aNorthern Ireland.$2fast$0(OCoLC)fst01205215.
=700  1\$aGray, Nelson,$d1958-$eauthor.
=710  2\$aInvest Northern Ireland (Organization),$ecommissioning body,$epublisher.
=884  \\$aLDL ebooks transformation to marcxml using queens_eb2marc.xsl$g20171120$kNIOPA_5747$qUk
=859  \\$aELD$bebook
=CAT  \\$aBATCH-EBKN$b00$c20171208$lBLL01$h0214
=CAT  \\$aBATCH-UPD$b00$c20171208$lBLL01$h0214
=CAT  \\$aEBKS-FXD$c20171208$lBLL01$h0220
=CAT  \\$aBATCH$b00$c20171208$lBLL01$h0220
=CAT  \\$a3391$b40$c20171213$lBLL01$h1440
=CAT  \\$a3391$b40$c20171213$lBLL01$h1441
=CAT  \\$a3391$b40$c20171213$lBLL01$h1442
=CAT  \\$a3391$b40$c20171213$lBLL01$h1443
=CAT  \\$a3391$b40$c20171213$lBLL01$h1444
=CAT  \\$a3391$b40$c20171213$lBLL01$h1448
=CAT  \\$a3391$b40$c20171213$lBLL01$h1453
=CAT  \\$a5100$b40$c20171220$lBLL01$h0853
=CAT  \\$aW1810-2165$c20190130$lBLL01$h1519
=DRT  \\$aLD-ebooks
=SRC  \\$aCollection Metadata
=LAS  \\$aW1810-2165$b00$c20190130$lBLL01$h1519

