=LDR  00951 am a22002775i 4500
=001  019291623
=003  Uk
=005  20190310021254.0
=006  m\\\\||\\d\|\\\\\\
=007  cr\|||||||||||
=008  190310s2019\\\\xxk|||||o\\\\||||\||eng\\
=FMT  \\$a  BK
=040  \\$aUk$beng$cUk
=245  00$aChildren's social care questionnaires 2018 :$bWhat children have told us about their experiences of living in their respective settings, including children's homes, boarding schools and with foster carers.
=264  \1$a[UK] :$bOfsted,$c2019.
=300  \\$a1 online resource.
=336  \\$atext$2rdacontent
=337  \\$acomputer$2rdamedia
=338  \\$aonline resource$2rdacarrier
=859  \\$aELD$bebook
=CAT  \\$aBATCH-EBKN$b00$c20190310$lBLL01$h0204
=CAT  \\$aEBKS-FXD$c20190310$lBLL01$h0212
=CAT  \\$aBATCH$b00$c20190310$lBLL01$h0215
=DRT  \\$aLD-ebooks
=SRC  \\$aSubmission Portal
=LAS  \\$aBATCH$b00$c20190310$lBLL01$h0215

