=LDR  00950 am a22002775i 4500
=001  019355384
=003  Uk
=005  20190405020704.0
=006  m\\\\||\\d\|\\\\\\
=007  cr\|||||||||||
=008  190405s2019\\\\xxk|||||o\\\\||||\||eng\\
=FMT  \\$a  BK
=040  \\$aUk$beng$cUk
=245  00$aChildren's social care questionnaires 2018 :$bWhat children have told us about their experiences of living in their respective settings, including children's homes, boarding schools and with foster carers.
=264  \1$aUK :$bOfsted,$c[2019]
=300  \\$a1 online resource.
=336  \\$atext$2rdacontent
=337  \\$acomputer$2rdamedia
=338  \\$aonline resource$2rdacarrier
=859  \\$aELD$bebook
=CAT  \\$aBATCH-EBKN$b00$c20190405$lBLL01$h0201
=CAT  \\$aEBKS-FXD$c20190405$lBLL01$h0207
=CAT  \\$aBATCH$b00$c20190405$lBLL01$h0207
=DRT  \\$aLD-ebooks
=SRC  \\$aSubmission Portal
=LAS  \\$aBATCH$b00$c20190405$lBLL01$h0207

