=LDR  01466cam a2200433 i 4500
=001  020486697
=003  Uk
=005  20230223172754.0
=006  m\\\\|\\\d||\\\\\\
=007  cr\|||||||||||
=008  220213s2021\\\\nik||||\o\\\\f00|\0|eng\\
=FMT  \\$a  BK
=020  \\$a9781786193834$qElectronic book (PDF format)
=040  \\$aUk$beng$cUk$erda
=042  \\$aukblsr
=082  04$a328.41604$223
=110  1\$aNorthern Ireland.$bAssembly.
=245  10$aProtection from Stalking Bill [As Introduced] /$cNorthern Ireland Assembly.
=264  \1$aBelfast :$bNorthern Ireland Assembly,$c[2021]
=300  \\$a1 online resource.
=336  \\$atext$2rdacontent
=337  \\$acomputer$2rdamedia
=338  \\$aonline resource$2rdacarrier
=490  0\$aNIA Bill ;$v14/17-22
=650  \7$aStalking$xLaw and legislation.$2fast$0(OCoLC)fst01426694
=651  \7$aNorthern Ireland.$2fast$0(OCoLC)fst01205215
=655  \7$aLegislative bills.$2fast$0(OCoLC)fst01774283
=859  \\$aELD$bebook
=985  \\$aUpdated by MS generated file for WR2302-017
=CAT  \\$a3391$b40$c20220213$lBLL01$h1654
=CAT  \\$a3391$b40$c20220213$lBLL01$h1715
=CAT  \\$a3391$b40$c20220213$lBLL01$h1716
=CAT  \\$a3391$b40$c20220217$lBLL01$h1506
=CAT  \\$a3391$b40$c20220217$lBLL01$h1509
=CAT  \\$aW2302-0174$c20230223$lBLL01$h2059
=FIN  \\$aY$d20220213
=DRT  \\$aLD-ebooks
=SRC  \\$aSubmission Portal
=LAS  \\$aW2302-0174$b00$c20230223$lBLL01$h2059

