=LDR  01502nam a2200421 i 4500
=001  020584472
=003  Uk
=005  20220516181524.0
=006  m\\\\||\\d\|\\\\\\
=007  cr\|||||||||||
=008  220415s2019\\\\nik|||||o||||f||||||eng|d
=FMT  \\$a  BK
=015  \\$aGBC284893$2bnb
=037  \\$aNIOPA_10788$bQueen's University Belfast$nNorthern Ireland Official Publications Repository
=040  \\$aNiBfQU$beng$cNiBfQU$dUk$erda
=042  \\$aukblsr
=082  04$a338.9$223
=110  1\$aNorthern Ireland.$bDepartment for the Economy,$eauthor.
=245  10$aAntrim and Newtownabbey Borough Council :$bCouncil Area Profile.
=264  \1$a[Belfast] :$b[Department for the Economy],$c2019.
=300  \\$a1 online resource.
=336  \\$atext$2rdacontent
=337  \\$acomputer$2rdamedia
=338  \\$aonline resource$2rdacarrier
=610  10$aAntrim and Newtownabbey (Northern Ireland).$bBorough Council.
=650  \7$aEconomic development.$2fast$0(OCoLC)fst00901785
=655  \0$aGovernment publications.
=884  \\$aLDL ebooks transformation to marcxml using queens_eb2marc.xsl$g20220429$kNIOPA_10788$qUk
=859  \\$aELD$bebook
=985  \\$a610 = NOT NAL
=CAT  \\$a15623$b40$c20220516$lBLL01$h1756
=CAT  \\$a15623$b40$c20220516$lBLL01$h1800
=CAT  \\$a15623$b40$c20220516$lBLL01$h1802
=CAT  \\$a15623$b40$c20220516$lBLL01$h1815
=FIN  \\$aY$d20220516
=DRT  \\$aLD-ebooks
=SRC  \\$aCollection Metadata
=LAS  \\$a15623$b40$c20220516$lBLL01$h1815

