=LDR  01435 am a2200481 i 4500
=001  017455831
=003  Uk
=005  20150722115048.0
=006  m\\\\||\\d\|\\\\\\
=007  cr\|||||||||||
=008  140625s2013\\\\enk\\\\\o\\\\\0|0\1|eng\\
=FMT  \\$a  BK
=015  \\$aGBB599968$2bnb
=020  \\$a9781444762914$qEPUB
=037  \\$a9781444762914$bIngram Content Group
=040  \\$aUk$beng$cUk$erda
=042  \\$aukblsr
=082  04$a823.92$223
=100  1\$aTidhar, Lavie,$eauthor.
=245  14$aThe violent century /$cLavie Tidhar.
=264  \1$aLondon :$bHodder & Stoughton,$c2013.
=300  \\$a1 online resource
=336  \\$atext$2rdacontent
=337  \\$acomputer$2rdamedia
=338  \\$aonline resource$2rdacarrier
=530  \\$aAlso issued in print format.
=655  \0$aFantasy fiction.
=859  \\$aELD$bebook
=CAT  \\$a8141$b40$c20150722$lBLL01$h1150
=FIN  \\$aY$d20150722
=DRT  \\$aLD-ebooks
=SRC  \\$aIngrams
=ONS  \7$aFIC$b000000$2bisacsh
=ONS  \7$aFIC$b009000$2bisacsh
=ONS  \7$aFIC$b009030$2bisacsh
=ONS  \7$aFIC$b002000$2bisacsh
=ONS  \7$aFJM$2bicssc
=ONS  \7$aFV$2bicssc
=ONS  \7$aFJMS$2bicssc
=ONS  \7$aFJ$2bicssc
=ONS  \7$aFM$2bicssc
=ONS  \\$tcold war world war II second world war lavie tidhar superheroes john le carre spy thrillers noir london berlin israel$2Subject Keywords
=LAS  \\$a8141$b40$c20150722$lBLL01$h1150

