=LDR  02961cam a2200685 i 4500
=001  020803958
=003  Uk
=005  20221216062550.0
=006  m\\\\||\\d\|\\\\\\
=007  cr\|||||||||||
=008  210607s2017\\\\stk\\\\\ob\\\f000\0\eng\d
=FMT  \\$a  BK
=015  \\$aGBC2K6982$2bnb
=020  \\$a9781786527547$qElectronic book (PDF format)
=037  \\$a9781786527547$bNational Library of Scotland
=040  \\$aStEdNL$beng$cStEdNL$dUk$erda
=042  \\$aukblsr
=082  04$a363.73874$223
=100  1\$aPridmore, Alison,$eauthor.
=245  10$aEvidence review of the potential wider impacts of climate change mitigation options.$pBuilt environment sector : report to the Scottish Government /$cAlison Pridmore, Alison Smith, Keith Baker, Christofer Ahlgren, Tim Williamson.
=246  30$aBuilt environment sector :$breport to the Scottish Government
=264  \1$aEdinburgh :$bThe Scottish Government,$c2017.
=300  \\$a1 online resource (51 pages)
=336  \\$atext$2rdacontent
=337  \\$acomputer$2rdamedia
=338  \\$aonline resource$2rdacarrier
=504  \\$aIncludes bibliographical references (pages 40-51)
=538  \\$aSystem requirements: Adobe Reader required to view PDF document.
=588  \\$aDescription from online resource; title from PDF caption title (Scottish Government, viewed June 7, 2021)
=500  \\$a"Produced for The Scottish Government by APS Group Scotland."
=500  \\$a"January 2017."
=500  \\$a"PPDAS86528 (01/17)"
=650  \7$aClimatic changes.$2fast$0(OCoLC)fst00864229
=650  \7$aClimate change mitigation.$2fast$0(OCoLC)fst01749583
=650  \7$aDwellings$xEnergy consumption.$2fast$0(OCoLC)fst00900040
=650  \7$aSustainable construction.$2fast$0(OCoLC)fst01747883
=650  \7$aSustainable urban development.$2fast$0(OCoLC)fst01744955
=651  \7$aScotland.$2fast$0(OCoLC)fst01206715
=655  \0$aGovernment publications.
=700  1\$aSmith, Alison,$d1964-$eauthor.
=700  1\$aBaker, Keith,$d1979-$eauthor.
=700  1\$aAhlgren, Christofer.
=700  1\$aWilliamson, Tim$c(Writer on construction and the built environment)
=710  1\$aScotland.$bScottish Government,$eissuing body.
=710  2\$aAether (Environmental consulting firm)
=884  \\$aLDL ebooks transformation to marcxml using nls_eb2marc.xsl$g20210820$k9781786527547$qUk
=859  \\$aELD$bebook
=CAT  \\$aBATCH-EBKN$b00$c20221103$lBLL01$h0201
=CAT  \\$aBATCH-UPD$b00$c20221103$lBLL01$h0201
=CAT  \\$aEBKS-FXD$c20221103$lBLL01$h0212
=CAT  \\$aBATCH$b00$c20221103$lBLL01$h0213
=CAT  \\$a3391$b40$c20221108$lBLL01$h1717
=CAT  \\$a3391$b40$c20221108$lBLL01$h1737
=CAT  \\$aBATCH-DDC$b00$c20221115$lBLL01$h1732
=CAT  \\$aBATCH$b00$c20221115$lBLL01$h1732
=CAT  \\$a8962$b40$c20221216$lBLL01$h0625
=FIN  \\$aY$d20221115
=DRT  \\$aLD-ebooks
=SRC  \\$aCollection Metadata
=LAS  \\$a8962$b40$c20221216$lBLL01$h0625

